%YAML 1.1
%TAG !u! tag:unity3d.com,2011:
--- !u!114 &5249529795245672081
MonoBehaviour:
  m_ObjectHideFlags: 0
  m_CorrespondingSourceObject: {fileID: 0}
  m_PrefabInstance: {fileID: 0}
  m_PrefabAsset: {fileID: 0}
  m_GameObject: {fileID: 3238770209775771499}
  m_Enabled: 1
  m_EditorHideFlags: 0
  m_Script: {fileID: 11500000, guid: b82be496c3b521045aa7a8e07fe8e5ac, type: 3}
  m_Name: 
  m_EditorClassIdentifier: 
  slider: {fileID: 976806682461215700}
  TimerIsDone: 0
--- !u!114 &7930796316062375559
MonoBehaviour:
  m_ObjectHideFlags: 0
  m_CorrespondingSourceObject: {fileID: 0}
  m_PrefabInstance: {fileID: 0}
  m_PrefabAsset: {fileID: 0}
  m_GameObject: {fileID: 4367510325555212803}
  m_Enabled: 1
  m_EditorHideFlags: 0
  m_Script: {fileID: 11500000, guid: b82be496c3b521045aa7a8e07fe8e5ac, type: 3}
  m_Name: 
  m_EditorClassIdentifier: 
  slider: {fileID: 2152931007887111868}
  TimerIsDone: 0
--- !u!1 &4696981615179138205
GameObject:
  m_ObjectHideFlags: 0
  m_CorrespondingSourceObject: {fileID: 0}
  m_PrefabInstance: {fileID: 0}
  m_PrefabAsset: {fileID: 0}
  serializedVersion: 6
  m_Component:
  - component: {fileID: 4696981615179138204}
  - component: {fileID: 4696981615179138193}
  - component: {fileID: 4696981615179138194}
  - component: {fileID: 4696981615179138195}
  - component: {fileID: 4699838190044966906}
  - component: {fileID: 1934292063513078181}
  m_Layer: 5
  m_Name: Mixer
  m_TagString: Untagged
  m_Icon: {fileID: 0}
  m_NavMeshLayer: 0
  m_StaticEditorFlags: 0
  m_IsActive: 0
--- !u!224 &4696981615179138204
RectTransform:
  m_ObjectHideFlags: 0
  m_CorrespondingSourceObject: {fileID: 0}
  m_PrefabInstance: {fileID: 0}
  m_PrefabAsset: {fileID: 0}
  m_GameObject: {fileID: 4696981615179138205}
  m_LocalRotation: {x: 0, y: 0, z: 0, w: 1}
  m_LocalPosition: {x: 0, y: 0, z: 0}
  m_LocalScale: {x: 1, y: 1, z: 1}
  m_Children:
  - {fileID: 490004951301045667}
  - {fileID: 1630926698136981707}
  - {fileID: 5094566818262850302}
  m_Father: {fileID: 0}
  m_RootOrder: 0
  m_LocalEulerAnglesHint: {x: 0, y: 0, z: 0}
  m_AnchorMin: {x: 0.5, y: 0.5}
  m_AnchorMax: {x: 0.5, y: 0.5}
  m_AnchoredPosition: {x: -513, y: -228}
  m_SizeDelta: {x: 102.3, y: 116}
  m_Pivot: {x: 0.5, y: 0.5}
--- !u!222 &4696981615179138193
CanvasRenderer:
  m_ObjectHideFlags: 0
  m_CorrespondingSourceObject: {fileID: 0}
  m_PrefabInstance: {fileID: 0}
  m_PrefabAsset: {fileID: 0}
  m_GameObject: {fileID: 4696981615179138205}
  m_CullTransparentMesh: 0
--- !u!114 &4696981615179138194
MonoBehaviour:
  m_ObjectHideFlags: 0
  m_CorrespondingSourceObject: {fileID: 0}
  m_PrefabInstance: {fileID: 0}
  m_PrefabAsset: {fileID: 0}
  m_GameObject: {fileID: 4696981615179138205}
  m_Enabled: 1
  m_EditorHideFlags: 0
  m_Script: {fileID: 11500000, guid: 1344c3c82d62a2a41a3576d8abb8e3ea, type: 3}
  m_Name: 
  m_EditorClassIdentifier: 
  m_Material: {fileID: 0}
  m_Color: {r: 0.9294118, g: 0.9294118, b: 0.9294118, a: 1}
  m_RaycastTarget: 1
  m_OnCullStateChanged:
    m_PersistentCalls:
      m_Calls: []
  m_Texture: {fileID: 2800000, guid: 71eaddb3e7a35124ab2069f7e6fe5e6a, type: 3}
  m_UVRect:
    serializedVersion: 2
    x: 0
    y: 0
    width: 1
    height: 1
--- !u!114 &4696981615179138195
MonoBehaviour:
  m_ObjectHideFlags: 0
  m_CorrespondingSourceObject: {fileID: 0}
  m_PrefabInstance: {fileID: 0}
  m_PrefabAsset: {fileID: 0}
  m_GameObject: {fileID: 4696981615179138205}
  m_Enabled: 1
  m_EditorHideFlags: 0
  m_Script: {fileID: 11500000, guid: d0b148fe25e99eb48b9724523833bab1, type: 3}
  m_Name: 
  m_EditorClassIdentifier: 
  m_Delegates: []
--- !u!225 &4699838190044966906
CanvasGroup:
  m_ObjectHideFlags: 0
  m_CorrespondingSourceObject: {fileID: 0}
  m_PrefabInstance: {fileID: 0}
  m_PrefabAsset: {fileID: 0}
  m_GameObject: {fileID: 4696981615179138205}
  m_Enabled: 1
  m_Alpha: 1
  m_Interactable: 1
  m_BlocksRaycasts: 1
  m_IgnoreParentGroups: 0
--- !u!114 &1934292063513078181
MonoBehaviour:
  m_ObjectHideFlags: 0
  m_CorrespondingSourceObject: {fileID: 0}
  m_PrefabInstance: {fileID: 0}
  m_PrefabAsset: {fileID: 0}
  m_GameObject: {fileID: 4696981615179138205}
  m_Enabled: 1
  m_EditorHideFlags: 0
  m_Script: {fileID: 11500000, guid: c9c5862ef47aec44c8845eb4b2864ed4, type: 3}
  m_Name: 
  m_EditorClassIdentifier: 
  TimerBar: {fileID: 4367510325555212803}
  InventoryManager: {fileID: 0}
  PizzaParent: {fileID: 0}
  PizzaPapa: {fileID: 0}
  InOvenContainer: {fileID: 0}
  DoneIndicator: {fileID: 2648904699153562727}
  canvas: {fileID: 0}
--- !u!1 &5642008455831931025
GameObject:
  m_ObjectHideFlags: 0
  m_CorrespondingSourceObject: {fileID: 0}
  m_PrefabInstance: {fileID: 0}
  m_PrefabAsset: {fileID: 0}
  serializedVersion: 6
  m_Component:
  - component: {fileID: 8577941618091227382}
  - component: {fileID: 556800804263149383}
  - component: {fileID: 299554191669983432}
  m_Layer: 5
  m_Name: DoneIndicator
  m_TagString: Untagged
  m_Icon: {fileID: 0}
  m_NavMeshLayer: 0
  m_StaticEditorFlags: 0
  m_IsActive: 0
--- !u!224 &8577941618091227382
RectTransform:
  m_ObjectHideFlags: 0
  m_CorrespondingSourceObject: {fileID: 0}
  m_PrefabInstance: {fileID: 0}
  m_PrefabAsset: {fileID: 0}
  m_GameObject: {fileID: 5642008455831931025}
  m_LocalRotation: {x: -0, y: -0, z: -0, w: 1}
  m_LocalPosition: {x: 0, y: 0, z: 0}
  m_LocalScale: {x: 1, y: 1, z: 1}
  m_Children: []
  m_Father: {fileID: 5094566818262850302}
  m_RootOrder: 0
  m_LocalEulerAnglesHint: {x: 0, y: 0, z: 0}
  m_AnchorMin: {x: 0.5, y: 0.5}
  m_AnchorMax: {x: 0.5, y: 0.5}
  m_AnchoredPosition: {x: 9, y: -1.7}
  m_SizeDelta: {x: 103.3, y: 96.6}
  m_Pivot: {x: 0.5, y: 0.5}
--- !u!222 &556800804263149383
CanvasRenderer:
  m_ObjectHideFlags: 0
  m_CorrespondingSourceObject: {fileID: 0}
  m_PrefabInstance: {fileID: 0}
  m_PrefabAsset: {fileID: 0}
  m_GameObject: {fileID: 5642008455831931025}
  m_CullTransparentMesh: 0
--- !u!114 &299554191669983432
MonoBehaviour:
  m_ObjectHideFlags: 0
  m_CorrespondingSourceObject: {fileID: 0}
  m_PrefabInstance: {fileID: 0}
  m_PrefabAsset: {fileID: 0}
  m_GameObject: {fileID: 5642008455831931025}
  m_Enabled: 1
  m_EditorHideFlags: 0
  m_Script: {fileID: 11500000, guid: 1344c3c82d62a2a41a3576d8abb8e3ea, type: 3}
  m_Name: 
  m_EditorClassIdentifier: 
  m_Material: {fileID: 0}
  m_Color: {r: 1, g: 1, b: 1, a: 1}
  m_RaycastTarget: 1
  m_OnCullStateChanged:
    m_PersistentCalls:
      m_Calls: []
  m_Texture: {fileID: 2800000, guid: b2f3870f37150f5479ffac576dad6f01, type: 3}
  m_UVRect:
    serializedVersion: 2
    x: 0
    y: 0
    width: 1
    height: 1
--- !u!1 &7473026538928422874
GameObject:
  m_ObjectHideFlags: 0
  m_CorrespondingSourceObject: {fileID: 0}
  m_PrefabInstance: {fileID: 0}
  m_PrefabAsset: {fileID: 0}
  serializedVersion: 6
  m_Component:
  - component: {fileID: 5094566818262850302}
  - component: {fileID: 2648904699153562727}
  m_Layer: 5
  m_Name: IndicatorContainer
  m_TagString: Untagged
  m_Icon: {fileID: 0}
  m_NavMeshLayer: 0
  m_StaticEditorFlags: 0
  m_IsActive: 1
--- !u!224 &5094566818262850302
RectTransform:
  m_ObjectHideFlags: 0
  m_CorrespondingSourceObject: {fileID: 0}
  m_PrefabInstance: {fileID: 0}
  m_PrefabAsset: {fileID: 0}
  m_GameObject: {fileID: 7473026538928422874}
  m_LocalRotation: {x: 0, y: 0, z: 0, w: 1}
  m_LocalPosition: {x: 0, y: 0, z: 0}
  m_LocalScale: {x: 1, y: 1, z: 1}
  m_Children:
  - {fileID: 8577941618091227382}
  m_Father: {fileID: 4696981615179138204}
  m_RootOrder: 2
  m_LocalEulerAnglesHint: {x: 0, y: 0, z: 0}
  m_AnchorMin: {x: 0.5, y: 0.5}
  m_AnchorMax: {x: 0.5, y: 0.5}
  m_AnchoredPosition: {x: -88, y: 93}
  m_SizeDelta: {x: 100, y: 100}
  m_Pivot: {x: 0.5, y: 0.5}
--- !u!95 &2648904699153562727
Animator:
  serializedVersion: 3
  m_ObjectHideFlags: 0
  m_CorrespondingSourceObject: {fileID: 0}
  m_PrefabInstance: {fileID: 0}
  m_PrefabAsset: {fileID: 0}
  m_GameObject: {fileID: 7473026538928422874}
  m_Enabled: 1
  m_Avatar: {fileID: 0}
  m_Controller: {fileID: 9100000, guid: ffbc46a46f1af0b4f9347ad4cfddf307, type: 2}
  m_CullingMode: 0
  m_UpdateMode: 0
  m_ApplyRootMotion: 0
  m_LinearVelocityBlending: 0
  m_WarningMessage: 
  m_HasTransformHierarchy: 1
  m_AllowConstantClipSamplingOptimization: 1
  m_KeepAnimatorControllerStateOnDisable: 0
--- !u!1001 &1908640079
PrefabInstance:
  m_ObjectHideFlags: 0
  serializedVersion: 2
  m_Modification:
    m_TransformParent: {fileID: 4696981615179138204}
    m_Modifications:
    - target: {fileID: 490004951590286572, guid: f94c3e28aea851e48b60ac0ff622f76c,
        type: 3}
      propertyPath: m_LocalPosition.x
      value: 0
      objectReference: {fileID: 0}
    - target: {fileID: 490004951590286572, guid: f94c3e28aea851e48b60ac0ff622f76c,
        type: 3}
      propertyPath: m_LocalPosition.y
      value: 0
      objectReference: {fileID: 0}
    - target: {fileID: 490004951590286572, guid: f94c3e28aea851e48b60ac0ff622f76c,
        type: 3}
      propertyPath: m_LocalPosition.z
      value: 0
      objectReference: {fileID: 0}
    - target: {fileID: 490004951590286572, guid: f94c3e28aea851e48b60ac0ff622f76c,
        type: 3}
      propertyPath: m_LocalRotation.x
      value: -0
      objectReference: {fileID: 0}
    - target: {fileID: 490004951590286572, guid: f94c3e28aea851e48b60ac0ff622f76c,
        type: 3}
      propertyPath: m_LocalRotation.y
      value: -0
      objectReference: {fileID: 0}
    - target: {fileID: 490004951590286572, guid: f94c3e28aea851e48b60ac0ff622f76c,
        type: 3}
      propertyPath: m_LocalRotation.z
      value: -0
      objectReference: {fileID: 0}
    - target: {fileID: 490004951590286572, guid: f94c3e28aea851e48b60ac0ff622f76c,
        type: 3}
      propertyPath: m_LocalRotation.w
      value: 1
      objectReference: {fileID: 0}
    - target: {fileID: 490004951590286572, guid: f94c3e28aea851e48b60ac0ff622f76c,
        type: 3}
      propertyPath: m_RootOrder
      value: 0
      objectReference: {fileID: 0}
    - target: {fileID: 490004951590286572, guid: f94c3e28aea851e48b60ac0ff622f76c,
        type: 3}
      propertyPath: m_LocalEulerAnglesHint.x
      value: 0
      objectReference: {fileID: 0}
    - target: {fileID: 490004951590286572, guid: f94c3e28aea851e48b60ac0ff622f76c,
        type: 3}
      propertyPath: m_LocalEulerAnglesHint.y
      value: 0
      objectReference: {fileID: 0}
    - target: {fileID: 490004951590286572, guid: f94c3e28aea851e48b60ac0ff622f76c,
        type: 3}
      propertyPath: m_LocalEulerAnglesHint.z
      value: 0
      objectReference: {fileID: 0}
    - target: {fileID: 490004951590286572, guid: f94c3e28aea851e48b60ac0ff622f76c,
        type: 3}
      propertyPath: m_AnchoredPosition.x
      value: 6.3
      objectReference: {fileID: 0}
    - target: {fileID: 490004951590286572, guid: f94c3e28aea851e48b60ac0ff622f76c,
        type: 3}
      propertyPath: m_AnchoredPosition.y
      value: 83
      objectReference: {fileID: 0}
    - target: {fileID: 490004951590286572, guid: f94c3e28aea851e48b60ac0ff622f76c,
        type: 3}
      propertyPath: m_SizeDelta.x
      value: 114.9
      objectReference: {fileID: 0}
    - target: {fileID: 490004951590286572, guid: f94c3e28aea851e48b60ac0ff622f76c,
        type: 3}
      propertyPath: m_SizeDelta.y
      value: 54.2
      objectReference: {fileID: 0}
    - target: {fileID: 490004951590286572, guid: f94c3e28aea851e48b60ac0ff622f76c,
        type: 3}
      propertyPath: m_AnchorMin.x
      value: 0.5
      objectReference: {fileID: 0}
    - target: {fileID: 490004951590286572, guid: f94c3e28aea851e48b60ac0ff622f76c,
        type: 3}
      propertyPath: m_AnchorMin.y
      value: 0.5
      objectReference: {fileID: 0}
    - target: {fileID: 490004951590286572, guid: f94c3e28aea851e48b60ac0ff622f76c,
        type: 3}
      propertyPath: m_AnchorMax.x
      value: 0.5
      objectReference: {fileID: 0}
    - target: {fileID: 490004951590286572, guid: f94c3e28aea851e48b60ac0ff622f76c,
        type: 3}
      propertyPath: m_AnchorMax.y
      value: 0.5
      objectReference: {fileID: 0}
    - target: {fileID: 490004951590286572, guid: f94c3e28aea851e48b60ac0ff622f76c,
        type: 3}
      propertyPath: m_Pivot.x
      value: 0.5
      objectReference: {fileID: 0}
    - target: {fileID: 490004951590286572, guid: f94c3e28aea851e48b60ac0ff622f76c,
        type: 3}
      propertyPath: m_Pivot.y
      value: 0.5
      objectReference: {fileID: 0}
    - target: {fileID: 2152931007614648307, guid: f94c3e28aea851e48b60ac0ff622f76c,
        type: 3}
      propertyPath: m_Value
      value: 0
      objectReference: {fileID: 0}
    - target: {fileID: 4367510325265840972, guid: f94c3e28aea851e48b60ac0ff622f76c,
        type: 3}
      propertyPath: m_Name
      value: TimerBar
      objectReference: {fileID: 0}
    - target: {fileID: 4367510325265840972, guid: f94c3e28aea851e48b60ac0ff622f76c,
        type: 3}
      propertyPath: m_IsActive
      value: 0
      objectReference: {fileID: 0}
    - target: {fileID: 5007432530026141882, guid: f94c3e28aea851e48b60ac0ff622f76c,
        type: 3}
      propertyPath: m_AnchoredPosition.x
      value: -5.0000076
      objectReference: {fileID: 0}
    - target: {fileID: 5097324181711523477, guid: f94c3e28aea851e48b60ac0ff622f76c,
        type: 3}
      propertyPath: m_AnchoredPosition.x
      value: -7.5000076
      objectReference: {fileID: 0}
    - target: {fileID: 5753151877938886702, guid: f94c3e28aea851e48b60ac0ff622f76c,
        type: 3}
      propertyPath: m_AnchorMax.y
      value: 1
      objectReference: {fileID: 0}
    - target: {fileID: 5753151877938886702, guid: f94c3e28aea851e48b60ac0ff622f76c,
        type: 3}
      propertyPath: m_AnchorMax.x
      value: 0
      objectReference: {fileID: 0}
    m_RemovedComponents: []
  m_SourcePrefab: {fileID: 100100000, guid: f94c3e28aea851e48b60ac0ff622f76c, type: 3}
--- !u!1 &4367510325555212803 stripped
GameObject:
  m_CorrespondingSourceObject: {fileID: 4367510325265840972, guid: f94c3e28aea851e48b60ac0ff622f76c,
    type: 3}
  m_PrefabInstance: {fileID: 1908640079}
  m_PrefabAsset: {fileID: 0}
--- !u!224 &490004951301045667 stripped
RectTransform:
  m_CorrespondingSourceObject: {fileID: 490004951590286572, guid: f94c3e28aea851e48b60ac0ff622f76c,
    type: 3}
  m_PrefabInstance: {fileID: 1908640079}
  m_PrefabAsset: {fileID: 0}
--- !u!114 &2152931007887111868 stripped
MonoBehaviour:
  m_CorrespondingSourceObject: {fileID: 2152931007614648307, guid: f94c3e28aea851e48b60ac0ff622f76c,
    type: 3}
  m_PrefabInstance: {fileID: 1908640079}
  m_PrefabAsset: {fileID: 0}
  m_GameObject: {fileID: 4367510325555212803}
  m_Enabled: 1
  m_EditorHideFlags: 0
  m_Script: {fileID: 11500000, guid: 67db9e8f0e2ae9c40bc1e2b64352a6b4, type: 3}
  m_Name: 
  m_EditorClassIdentifier: 
--- !u!1001 &1184147465798902823
PrefabInstance:
  m_ObjectHideFlags: 0
  serializedVersion: 2
  m_Modification:
    m_TransformParent: {fileID: 4696981615179138204}
    m_Modifications:
    - target: {fileID: 490004951590286572, guid: f94c3e28aea851e48b60ac0ff622f76c,
        type: 3}
      propertyPath: m_LocalPosition.x
      value: 0
      objectReference: {fileID: 0}
    - target: {fileID: 490004951590286572, guid: f94c3e28aea851e48b60ac0ff622f76c,
        type: 3}
      propertyPath: m_LocalPosition.y
      value: 0
      objectReference: {fileID: 0}
    - target: {fileID: 490004951590286572, guid: f94c3e28aea851e48b60ac0ff622f76c,
        type: 3}
      propertyPath: m_LocalPosition.z
      value: 0
      objectReference: {fileID: 0}
    - target: {fileID: 490004951590286572, guid: f94c3e28aea851e48b60ac0ff622f76c,
        type: 3}
      propertyPath: m_LocalRotation.x
      value: -0
      objectReference: {fileID: 0}
    - target: {fileID: 490004951590286572, guid: f94c3e28aea851e48b60ac0ff622f76c,
        type: 3}
      propertyPath: m_LocalRotation.y
      value: -0
      objectReference: {fileID: 0}
    - target: {fileID: 490004951590286572, guid: f94c3e28aea851e48b60ac0ff622f76c,
        type: 3}
      propertyPath: m_LocalRotation.z
      value: -0
      objectReference: {fileID: 0}
    - target: {fileID: 490004951590286572, guid: f94c3e28aea851e48b60ac0ff622f76c,
        type: 3}
      propertyPath: m_LocalRotation.w
      value: 1
      objectReference: {fileID: 0}
    - target: {fileID: 490004951590286572, guid: f94c3e28aea851e48b60ac0ff622f76c,
        type: 3}
      propertyPath: m_RootOrder
      value: 1
      objectReference: {fileID: 0}
    - target: {fileID: 490004951590286572, guid: f94c3e28aea851e48b60ac0ff622f76c,
        type: 3}
      propertyPath: m_LocalEulerAnglesHint.x
      value: 0
      objectReference: {fileID: 0}
    - target: {fileID: 490004951590286572, guid: f94c3e28aea851e48b60ac0ff622f76c,
        type: 3}
      propertyPath: m_LocalEulerAnglesHint.y
      value: 0
      objectReference: {fileID: 0}
    - target: {fileID: 490004951590286572, guid: f94c3e28aea851e48b60ac0ff622f76c,
        type: 3}
      propertyPath: m_LocalEulerAnglesHint.z
      value: 0
      objectReference: {fileID: 0}
    - target: {fileID: 490004951590286572, guid: f94c3e28aea851e48b60ac0ff622f76c,
        type: 3}
      propertyPath: m_AnchoredPosition.x
      value: 6.3
      objectReference: {fileID: 0}
    - target: {fileID: 490004951590286572, guid: f94c3e28aea851e48b60ac0ff622f76c,
        type: 3}
      propertyPath: m_AnchoredPosition.y
      value: 83
      objectReference: {fileID: 0}
    - target: {fileID: 490004951590286572, guid: f94c3e28aea851e48b60ac0ff622f76c,
        type: 3}
      propertyPath: m_SizeDelta.x
      value: 114.9
      objectReference: {fileID: 0}
    - target: {fileID: 490004951590286572, guid: f94c3e28aea851e48b60ac0ff622f76c,
        type: 3}
      propertyPath: m_SizeDelta.y
      value: 54.2
      objectReference: {fileID: 0}
    - target: {fileID: 490004951590286572, guid: f94c3e28aea851e48b60ac0ff622f76c,
        type: 3}
      propertyPath: m_AnchorMin.x
      value: 0.5
      objectReference: {fileID: 0}
    - target: {fileID: 490004951590286572, guid: f94c3e28aea851e48b60ac0ff622f76c,
        type: 3}
      propertyPath: m_AnchorMin.y
      value: 0.5
      objectReference: {fileID: 0}
    - target: {fileID: 490004951590286572, guid: f94c3e28aea851e48b60ac0ff622f76c,
        type: 3}
      propertyPath: m_AnchorMax.x
      value: 0.5
      objectReference: {fileID: 0}
    - target: {fileID: 490004951590286572, guid: f94c3e28aea851e48b60ac0ff622f76c,
        type: 3}
      propertyPath: m_AnchorMax.y
      value: 0.5
      objectReference: {fileID: 0}
    - target: {fileID: 490004951590286572, guid: f94c3e28aea851e48b60ac0ff622f76c,
        type: 3}
      propertyPath: m_Pivot.x
      value: 0.5
      objectReference: {fileID: 0}
    - target: {fileID: 490004951590286572, guid: f94c3e28aea851e48b60ac0ff622f76c,
        type: 3}
      propertyPath: m_Pivot.y
      value: 0.5
      objectReference: {fileID: 0}
    - target: {fileID: 2152931007614648307, guid: f94c3e28aea851e48b60ac0ff622f76c,
        type: 3}
      propertyPath: m_Value
      value: 0
      objectReference: {fileID: 0}
    - target: {fileID: 4367510325265840972, guid: f94c3e28aea851e48b60ac0ff622f76c,
        type: 3}
      propertyPath: m_Name
      value: TimerBar
      objectReference: {fileID: 0}
    - target: {fileID: 4367510325265840972, guid: f94c3e28aea851e48b60ac0ff622f76c,
        type: 3}
      propertyPath: m_IsActive
      value: 0
      objectReference: {fileID: 0}
    - target: {fileID: 5007432530026141882, guid: f94c3e28aea851e48b60ac0ff622f76c,
        type: 3}
      propertyPath: m_AnchoredPosition.x
      value: -5.0000076
      objectReference: {fileID: 0}
    - target: {fileID: 5097324181711523477, guid: f94c3e28aea851e48b60ac0ff622f76c,
        type: 3}
      propertyPath: m_AnchoredPosition.x
      value: -7.5000076
      objectReference: {fileID: 0}
    - target: {fileID: 5753151877938886702, guid: f94c3e28aea851e48b60ac0ff622f76c,
        type: 3}
      propertyPath: m_AnchorMax.y
      value: 1
      objectReference: {fileID: 0}
    - target: {fileID: 5753151877938886702, guid: f94c3e28aea851e48b60ac0ff622f76c,
        type: 3}
      propertyPath: m_AnchorMax.x
      value: 0
      objectReference: {fileID: 0}
    m_RemovedComponents: []
  m_SourcePrefab: {fileID: 100100000, guid: f94c3e28aea851e48b60ac0ff622f76c, type: 3}
--- !u!1 &3238770209775771499 stripped
GameObject:
  m_CorrespondingSourceObject: {fileID: 4367510325265840972, guid: f94c3e28aea851e48b60ac0ff622f76c,
    type: 3}
  m_PrefabInstance: {fileID: 1184147465798902823}
  m_PrefabAsset: {fileID: 0}
--- !u!224 &1630926698136981707 stripped
RectTransform:
  m_CorrespondingSourceObject: {fileID: 490004951590286572, guid: f94c3e28aea851e48b60ac0ff622f76c,
    type: 3}
  m_PrefabInstance: {fileID: 1184147465798902823}
  m_PrefabAsset: {fileID: 0}
--- !u!114 &976806682461215700 stripped
MonoBehaviour:
  m_CorrespondingSourceObject: {fileID: 2152931007614648307, guid: f94c3e28aea851e48b60ac0ff622f76c,
    type: 3}
  m_PrefabInstance: {fileID: 1184147465798902823}
  m_PrefabAsset: {fileID: 0}
  m_GameObject: {fileID: 3238770209775771499}
  m_Enabled: 1
  m_EditorHideFlags: 0
  m_Script: {fileID: 11500000, guid: 67db9e8f0e2ae9c40bc1e2b64352a6b4, type: 3}
  m_Name: 
  m_EditorClassIdentifier: 
